<?xml version="1.0" encoding="UTF-8" ?>
<collection xmlns:xsi="http://www.w3.org/2001/XMLSchema-instance"
    xsi:schemaLocation="http://www.loc.gov/MARC21/slim
        http://www.loc.gov/standards/marcxml/schema/MARC21slim.xsd"
    xmlns="http://www.loc.gov/MARC21/slim">
<record>
  <leader>00227cam a2200421 i 4500</leader>
  <controlfield tag="001">b12461209</controlfield>
  <controlfield tag="003">LeBAU</controlfield>
  <controlfield tag="005">20131029</controlfield>
  <controlfield tag="008">970524s1955    sy            ||0 0 ara d</controlfield>
  <datafield tag="035" ind1=" " ind2=" ">
    <subfield code="a">ocn784326935</subfield>
  </datafield>
  <datafield tag="040" ind1=" " ind2=" ">
    <subfield code="a">LEAUB</subfield>
    <subfield code="b">ara</subfield>
    <subfield code="e">rda</subfield>
    <subfield code="c">LEAUB</subfield>
    <subfield code="d">LEAUB</subfield>
  </datafield>
  <datafield tag="043" ind1=" " ind2=" ">
    <subfield code="a">a-sy---</subfield>
  </datafield>
  <datafield tag="082" ind1="0" ind2="4">
    <subfield code="a">344.01</subfield>
    <subfield code="2">23</subfield>
  </datafield>
  <datafield tag="110" ind1="1" ind2=" ">
    <subfield code="6">880-01</subfield>
    <subfield code="a">Syria.</subfield>
    <subfield code="b">Mudīrīyat al-Durūs al-Mālīyah.</subfield>
    <subfield code="e">issuing body.</subfield>
    <subfield code="0">https://lccn.loc.gov/no95004614 ,</subfield>
  </datafield>
  <datafield tag="240" ind1="1" ind2="0">
    <subfield code="6">880-02</subfield>
    <subfield code="a">Laws, etc.</subfield>
  </datafield>
  <datafield tag="245" ind1="1" ind2="0">
    <subfield code="6">880-02</subfield>
    <subfield code="a">Qānūn al-muwaẓẓafīn al-asāsī raqm 135, tārīkh 10 Kānūn al-Thānī 1945 bi-ḥasab al-taʻdīlāt al-ṭāriʼah ʻalayh ḥattá 20 Tishrīn al-Awwal 1955 :</subfield>
    <subfield code="b">(ārāʼ dīwān al-muḥāsabāt, balāghāt, muṭālaʻāt) /</subfield>
    <subfield code="c">al-Jumhūrīyah al-Sūrīyah, Wizārat al-Mālīyah, Mudīrīyat al-Dirāsāt wa-al-Iḥṣāʼāt al-Mālīyah.</subfield>
  </datafield>
  <datafield tag="264" ind1=" " ind2="1">
    <subfield code="6">880-03</subfield>
    <subfield code="a">[Dimashq] :</subfield>
    <subfield code="b">Maṭbaʻat al-Jumhūrīyah al-Sūrīyah,</subfield>
    <subfield code="c">[1955?]</subfield>
  </datafield>
  <datafield tag="300" ind1=" " ind2=" ">
    <subfield code="6">880-05</subfield>
    <subfield code="a">312 pages, 5 unnumbered leaves of plates ;</subfield>
    <subfield code="c">28 cm</subfield>
  </datafield>
  <datafield tag="336" ind1=" " ind2=" ">
    <subfield code="a">text</subfield>
    <subfield code="b">txt</subfield>
    <subfield code="2">rdacontent</subfield>
  </datafield>
  <datafield tag="337" ind1=" " ind2=" ">
    <subfield code="a">unmediated</subfield>
    <subfield code="b">n</subfield>
    <subfield code="2">rdamedia</subfield>
  </datafield>
  <datafield tag="338" ind1=" " ind2=" ">
    <subfield code="a">volume</subfield>
    <subfield code="b">nc</subfield>
    <subfield code="2">rdacarrier</subfield>
  </datafield>
  <datafield tag="500" ind1=" " ind2=" ">
    <subfield code="a">جداول مطوية.</subfield>
  </datafield>
  <datafield tag="650" ind1=" " ind2="4">
    <subfield code="a">العمل، قوانين وتشريعات</subfield>
    <subfield code="z">سوريا.</subfield>
  </datafield>
  <datafield tag="650" ind1=" " ind2="0">
    <subfield code="a">Labor laws and legislation</subfield>
    <subfield code="z">Syria.</subfield>
  </datafield>
  <datafield tag="651" ind1=" " ind2="4">
    <subfield code="a">سوريا</subfield>
    <subfield code="x">الموظفون والمستخدمون.</subfield>
  </datafield>
  <datafield tag="651" ind1=" " ind2="0">
    <subfield code="a">Syria</subfield>
    <subfield code="x">Officials and employees.</subfield>
  </datafield>
  <datafield tag="787" ind1="0" ind2="8">
    <subfield code="6">880-06</subfield>
    <subfield code="i">is replacement of (work)</subfield>
    <subfield code="4">http://rdaregistry.info/Elements/w/P10207 :</subfield>
    <subfield code="a">Syria. Mudīrīyat al-Durūs al-Mālīyah.</subfield>
    <subfield code="t">Qānūn al-muwaẓẓafīn al-asāsī raqm 135, tārīkh 10 Kānūn al-Thānī 1945 : al-muʻaddal bi-al-qānūn raqm 235 tārīkh 31-1-1946 wa-al-qānūn raqm 358, tārīkh 10-6-1947.</subfield>
    <subfield code="d">[Dimashq] : Maṭbaʻat al-Jumhūrīyah al-Sūrīyah, 1366 [H.] = 1947 [M.]</subfield>
    <subfield code="w">(OCoLC)784326931</subfield>
    <subfield code="w">(OCoLC)784326931</subfield>
  </datafield>
  <datafield tag="852" ind1=" " ind2=" ">
    <subfield code="a">Jafet Library</subfield>
    <subfield code="e">American University of Beirut, Bliss Street , Beirut, Lebanon.</subfield>
  </datafield>
  <datafield tag="880" ind1="1" ind2=" ">
    <subfield code="6">110-01/(3/r</subfield>
    <subfield code="a">سوريا.</subfield>
    <subfield code="b">مديرية الدروس المالية،</subfield>
    <subfield code="0">https://lccn.loc.gov/no95004614 ,</subfield>
    <subfield code="e">هيئة إصدار. </subfield>
    <subfield code="4">isb.</subfield>
  </datafield>
  <datafield tag="880" ind1="1" ind2="0">
    <subfield code="6">240-02/(3/r</subfield>
    <subfield code="a">قوانين، إلخ.</subfield>
  </datafield>
  <datafield tag="880" ind1="1" ind2="0">
    <subfield code="6">245-03/(3/r</subfield>
    <subfield code="a">قانون الموظفين الاساسي رقم 135، تاريخ 10 كانون الثاني 1945 بحسب التعديلات الطارئة عليه حتى 20 تشرين الأول 1955 :</subfield>
    <subfield code="b">(آراء ديوان المحاسبات - بلاغات - مطالعات) /</subfield>
    <subfield code="c">الجمهورية السورية، وزارة المالية، مديرية الدراسات والاحصاءات المالية.</subfield>
  </datafield>
  <datafield tag="880" ind1=" " ind2="1">
    <subfield code="6">264-04/(3/r</subfield>
    <subfield code="a">[دمشق] :</subfield>
    <subfield code="b">مطبعة الجمهورية السورية،</subfield>
    <subfield code="c">[1955؟]</subfield>
  </datafield>
  <datafield tag="880" ind1=" " ind2=" ">
    <subfield code="6">300-05/(3/r</subfield>
    <subfield code="a">312 صفحة، 5 ورقات غير مرقمة ؛</subfield>
    <subfield code="c">28 سم</subfield>
  </datafield>
  <datafield tag="880" ind1="0" ind2="8">
    <subfield code="6">787-06/(3/r</subfield>
    <subfield code="i">استبدال ل (عمل)</subfield>
    <subfield code="4">http://rdaregistry.info/Elements/w/P10207 :</subfield>
    <subfield code="a">سوريا. مديرية الدروس المالية.</subfield>
    <subfield code="t">قانون الموظفين الاساسي رقم 135، تاريخ 10 كانون الثاني 1945 : المعدل بالقانون رقم 235 تاريخ 31-1-1946 والقانون رقم 358، تاريخ 10-6-1947 .</subfield>
    <subfield code="d">[دمشق] : مطبعة الجمهورية السورية، 1366 [هـ.] = 1947 [م.]</subfield>
    <subfield code="w">(LEAUB)b12461180</subfield>
    <subfield code="w">(OCoLC)784326931</subfield>
  </datafield>
  <datafield tag="907" ind1=" " ind2=" ">
    <subfield code="a">.b12461209</subfield>
    <subfield code="b">19-08-28</subfield>
    <subfield code="c">11-05-24</subfield>
  </datafield>
  <datafield tag="907" ind1=" " ind2=" ">
    <subfield code="a">.b12461209</subfield>
    <subfield code="b">15-10-15</subfield>
    <subfield code="c">11-05-24</subfield>
  </datafield>
  <datafield tag="945" ind1=" " ind2=" ">
    <subfield code="f">J</subfield>
    <subfield code="a">344.01:S995qaA</subfield>
    <subfield code="i">01022616</subfield>
    <subfield code="j">.i12942170</subfield>
    <subfield code="l">u0503</subfield>
  </datafield>
  <datafield tag="998" ind1=" " ind2=" ">
    <subfield code="a">u05</subfield>
    <subfield code="b">97-05-24</subfield>
    <subfield code="c">m</subfield>
    <subfield code="d">a  </subfield>
    <subfield code="e">-</subfield>
    <subfield code="f">ara</subfield>
    <subfield code="g">sy </subfield>
    <subfield code="h">0</subfield>
    <subfield code="i">1</subfield>
  </datafield>
</record>
</collection>
